@misc{3DRobot291:online,
    author = {Fischertechnik},
    title = {3D-Robot 24V - Simulation - fischertechnik},
    howpublished = {\url{https://www.fischertechnik.de/en/products/simulating/training-models/511938-sim-3d-robot-24v-simulation}},
    month = {},
    year = {Unknown},
    note = {(Accessed on 06/21/2021)}
}

@misc{MATLABDo23:online,
author = {MathWorks},
title = {MATLAB Documentation - MathWorks Italia},
howpublished = {\url{https://it.mathworks.com/help/matlab/}},
month = {},
year = {},
note = {(Accessed on 06/22/2021)}
}

@misc{VrepCopp83:online,
    author = {Mechatronics Ninja},
    title = {Vrep (CoppeliaSim) Inverse kinematics tutorial (before version 4.2.0) - YouTube},
    howpublished = {\url{https://www.youtube.com/watch?v=eTd6mOk6Njw}},
    month = {12},
    year = {2018},
    note = {(Accessed on 06/22/2021)}
}

@misc{PathFoll72:online,
    author = {Hrithik Verma},
    title = {Path Following Robot In V-REP/ Coppeliasim Tutorial | Drone | Robot Arm - YouTube},
    howpublished = {\url{https://www.youtube.com/watch?v=9Epp4C6xHF4}},
    month = {03},
    year = {2021},
    note = {(Accessed on 06/22/2021)}
}

@misc{TIAPorta92:online,
author = {Hegamurl},
title = {TIA Portal: Open User Communication TSEND + TRCV / PLC-PLC Communication - YouTube},
howpublished = {\url{https://www.youtube.com/watch?v=fVLVvqn03qM}},
month = {10},
year = {2019},
note = {(Accessed on 06/22/2021)}
}

@misc{Robotsim90:online,
author = {Coppelia Robotics},
title = {Robot simulator CoppeliaSim: create, compose, simulate, any robot - Coppelia Robotics},
howpublished = {\url{https://www.coppeliarobotics.com/}},
month = {},
year = {Unknown},
note = {(Accessed on 06/22/2021)}
}

@misc{Coppelia94:online,
author = {Wikipedia},
title = {CoppeliaSim - Wikipedia},
howpublished = {\url{https://en.wikipedia.org/wiki/CoppeliaSim}},
month = {},
year = {Unknown},
note = {(Accessed on 06/22/2021)}
}
